@article{akerlof1970market,
  title={The market for "lemons": Quality uncertainty and the market mechanism},
  author={Akerlof, George A},
  journal={The Quarterly Journal of Economics},
  volume={84},
  number={3},
  pages={488--500},
  year={1970},
  publisher={MIT Press}
}

@article{spence1973job,
  title={Job market signaling},
  author={Spence, Michael},
  journal={The Quarterly Journal of Economics},
  volume={87},
  number={3},
  pages={355--374},
  year={1973},
  publisher={MIT Press}
}

@article{alchian1972production,
  title={Production, information costs, and economic organization},
  author={Alchian, Armen A and Demsetz, Harold},
  journal={The American Economic Review},
  volume={62},
  number={5},
  pages={777--795},
  year={1972},
  publisher={JSTOR}
}

@article{holmstrom1979moral,
  title={Moral hazard and observability},
  author={Holmstrom, Bengt},
  journal={The Bell Journal of Economics},
  pages={74--91},
  year={1979},
  publisher={JSTOR}
}

@article{grossman1983analysis,
  title={An analysis of the principal-agent problem},
  author={Grossman, Sanford J and Hart, Oliver D},
  journal={Econometrica: Journal of the Econometric Society},
  pages={7--45},
  year={1983},
  publisher={JSTOR}
}

@book{robbins2016organizational,
  title={Organizational behavior},
  author={Robbins, Stephen P and Judge, Timothy A},
  year={2016},
  publisher={Pearson Education}
}

@article{ashforth1990social,
  title={Social identity theory and the organization},
  author={Ashforth, Blake E and Mael, Fred},
  journal={Academy of Management Review},
  volume={14},
  number={1},
  pages={20--39},
  year={1990},
  publisher={Academy of Management}
}

@article{lazear1999performance,
  title={Performance pay and productivity},
  author={Lazear, Edward P},
  journal={American Economic Review},
  volume={90},
  number={5},
  pages={1346--1361},
  year={2000},
  publisher={American Economic Association}
}

@article{shapiro1984equilibrium,
  title={Equilibrium unemployment as a worker discipline device},
  author={Shapiro, Carl and Stiglitz, Joseph E},
  journal={The American Economic Review},
  volume={74},
  number={3},
  pages={433--444},
  year={1984},
  publisher={JSTOR}
}

@article{fama1980agency,
  title={Agency problems and the theory of the firm},
  author={Fama, Eugene F},
  journal={Journal of Political Economy},
  volume={88},
  number={2},
  pages={288--307},
  year={1980},
  publisher={University of Chicago Press}
}

@article{jensen1976theory,
  title={Theory of the firm: Managerial behavior, agency costs and ownership structure},
  author={Jensen, Michael C and Meckling, William H},
  journal={Journal of financial economics},
  volume={3},
  number={4},
  pages={305--360},
  year={1976},
  publisher={Elsevier}
}

@article{holmstrom1991multitask,
  title={Multitask principal-agent analyses: Incentive contracts, asset ownership, and job design},
  author={Holmstrom, Bengt and Milgrom, Paul},
  journal={Journal of Law, Economics, & Organization},
  volume={7},
  number={special\_issue},
  pages={24--52},
  year={1991},
  publisher={Oxford University Press}
}

@book{akerlof1986efficiency,
  title={Efficiency wage models of the labor market},
  author={Akerlof, George A and Yellen, Janet L},
  year={1986},
  publisher={Cambridge University Press}
}

@incollection{gibbons1999careers,
  title={Careers in organizations: Theory and evidence},
  author={Gibbons, Robert and Waldman, Michael},
  booktitle={Handbook of labor economics},
  volume={3},
  pages={2373--2437},
  year={1999},
  publisher={Elsevier}
}

@book{hart1995firms,
  title={Firms, contracts, and financial structure},
  author={Hart, Oliver},
  year={1995},
  publisher={Oxford University Press}
}

@book{rousseau1995psychological,
  title={Psychological contracts in organizations: Understanding written and unwritten agreements},
  author={Rousseau, Denise M},
  year={1995},
  publisher={Sage publications}
}

@article{tirole1986hierarchies,
  title={Hierarchies and bureaucracies: On the role of collusion in organizations},
  author={Tirole, Jean},
  journal={Journal of Law, Economics, & Organization},
  volume={2},
  number={2},
  pages={181--214},
  year={1986},
  publisher={Oxford University Press}
}

@book{axelrod1984evolution,
  title={The evolution of cooperation},
  author={Axelrod, Robert M},
  year={1984},
  publisher={Basic books}
}

@book{deci1985intrinsic,
  title={Intrinsic motivation and self-determination in human behavior},
  author={Deci, Edward L and Ryan, Richard M},
  year={1985},
  publisher={Plenum}
}

@article{frey1997not,
  title={Not just for the money: an economic theory of personal motivation},
  author={Frey, Bruno S},
  journal={Edward Elgar Publishing},
  year={1997}
}

@article{maslach2001job,
  title={Job burnout},
  author={Maslach, Christina and Schaufeli, Wilmar B and Leiter, Michael P},
  journal={Annual review of psychology},
  volume={52},
  number={1},
  pages={397--422},
  year={2001},
  publisher={Annual Reviews}
}

@article{colquitt2001organizational,
  title={Organizational justice and the psychological contract: A validation study},
  author={Colquitt, Jason A and Lepine, Jeffrey A and Wesson, Michael J},
  journal={Journal of Applied Psychology},
  volume={86},
  number={6},
  pages={904},
  year={2001},
  publisher={American Psychological Association}
}

@article{lim2002it,
  title={The IT way of loafing on the job: cyberloafing, neutralizing and organizational justice},
  author={Lim, Vivien KG},
  journal={Journal of Organizational Behavior: The International Journal of Industrial, Occupational and Organizational Psychology and Behavior},
  volume={23},
  number={5},
  pages={675--694},
  year={2002},
  publisher={Wiley Online Library}
}
